<record><leader>00000cas a2200000 a 4500</leader><controlfield tag="001">14447214</controlfield><controlfield tag="008">861021c19019999kyuwr ne      0   a0eng c</controlfield><datafield ind1=" " ind2=" " tag="010"><subfield code="a">sn 86069657 </subfield></datafield><datafield ind1=" " ind2=" " tag="040"><subfield code="a">KNP</subfield><subfield code="b">eng</subfield><subfield code="c">KNP</subfield><subfield code="d">OCL</subfield><subfield code="d">OCLCQ</subfield><subfield code="d">DLC</subfield><subfield code="d">OCLCQ</subfield><subfield code="d">OCLCF</subfield><subfield code="d">OCLCO</subfield></datafield><datafield ind1="1" ind2=" " tag="022"><subfield code="a">1940-9699</subfield><subfield code="l">1940-9699</subfield><subfield code="2">1</subfield></datafield><datafield ind1="1" ind2=" " tag="029"><subfield code="a">AU@</subfield><subfield code="b">000020422294</subfield></datafield><datafield ind1="1" ind2=" " tag="029"><subfield code="a">NZ1</subfield><subfield code="b">16070520</subfield></datafield><datafield ind1=" " ind2=" " tag="042"><subfield code="a">pcc</subfield><subfield code="a">nsdp</subfield></datafield><datafield ind1=" " ind2=" " tag="043"><subfield code="a">n-us-ky</subfield></datafield><datafield ind1="0" ind2="0" tag="050"><subfield code="a">Newspaper</subfield></datafield><datafield ind1="0" ind2=" " tag="130"><subfield code="a">Clay City times (Clay City, Ky.)</subfield></datafield><datafield ind1=" " ind2="4" tag="222"><subfield code="a">The Clay City times</subfield><subfield code="b">(Clay City, Ky.)</subfield></datafield><datafield ind1="1" ind2="4" tag="245"><subfield code="a">The Clay City times.</subfield></datafield><datafield ind1=" " ind2=" " tag="260"><subfield code="a">Clay City, Ky. :</subfield><subfield code="b">J. E. Burgher,</subfield><subfield code="c">1901-</subfield></datafield><datafield ind1=" " ind2=" " tag="300"><subfield code="a">v. :</subfield><subfield code="b">ill.</subfield></datafield><datafield ind1=" " ind2=" " tag="310"><subfield code="a">Weekly</subfield></datafield><datafield ind1="0" ind2=" " tag="362"><subfield code="a">Vol. 6, no. 36 (Nov. 28, 1901)-</subfield></datafield><datafield ind1=" " ind2=" " tag="515"><subfield code="a">Continues volume numbering of Spout Spring times.</subfield></datafield><datafield ind1=" " ind2=" " tag="530"><subfield code="a">Archived issues are available in digital format as part of the Library of Congress Chronicling America online collection.</subfield></datafield><datafield ind1=" " ind2=" " tag="580"><subfield code="a">Appeared concurrently with Spout Spring times from &lt;Mar. 13-Apr. 3, 1901&gt;</subfield></datafield><datafield ind1=" " ind2="0" tag="651"><subfield code="a">Clay City (Ky.)</subfield><subfield code="v">Newspapers.</subfield></datafield><datafield ind1=" " ind2="0" tag="651"><subfield code="a">Powell County (Ky.)</subfield><subfield code="v">Newspapers.</subfield></datafield><datafield ind1=" " ind2="7" tag="655"><subfield code="a">Newspapers.</subfield><subfield code="2">fast</subfield><subfield code="0">(OCoLC)fst01423814</subfield></datafield><datafield ind1=" " ind2="7" tag="651"><subfield code="a">Kentucky</subfield><subfield code="z">Clay City.</subfield><subfield code="2">fast</subfield><subfield code="0">(OCoLC)fst01252062</subfield></datafield><datafield ind1=" " ind2="7" tag="651"><subfield code="a">Kentucky</subfield><subfield code="z">Powell County.</subfield><subfield code="2">fast</subfield><subfield code="0">(OCoLC)fst01236135</subfield></datafield><datafield ind1=" " ind2=" " tag="752"><subfield code="a">United States</subfield><subfield code="b">Kentucky</subfield><subfield code="c">Powell</subfield><subfield code="d">Clay City.</subfield></datafield><datafield ind1="0" ind2="5" tag="780"><subfield code="t">Menifee County journal</subfield><subfield code="w">(DLC)sn 86069658</subfield></datafield><datafield ind1="1" ind2=" " tag="787"><subfield code="t">Spout Spring times</subfield><subfield code="x">2151-528X</subfield><subfield code="w">(DLC)sn 88061168</subfield><subfield code="w">(OCoLC)18206774</subfield></datafield><datafield ind1=" " ind2=" " tag="850"><subfield code="a">DLC</subfield></datafield><datafield ind1="4" ind2="1" tag="856"><subfield code="u">http://www.loc.gov/chroniclingamerica/lccn/sn86069657/issues</subfield></datafield></record>